<collection xmlns="http://www.loc.gov/MARC21/slim">
<record>
  <leader>01171nam0a2200253 i 450 </leader>
  <controlfield tag="001">IT\ICCU\CNCE\041370</controlfield>
  <controlfield tag="005">20190124000000.0</controlfield>
  <datafield tag="012" ind1=" " ind2=" ">
    <subfield code="a">ahhe a,s. men- stno (C) 1556 (A)</subfield>
    <subfield code="2">fei</subfield>
  </datafield>
  <datafield tag="100" ind1=" " ind2=" ">
    <subfield code="a">19981125d1556        0itac0103    ba</subfield>
  </datafield>
  <datafield tag="101" ind1=" " ind2=" ">
    <subfield code="a">ITA</subfield>
  </datafield>
  <datafield tag="102" ind1=" " ind2=" ">
    <subfield code="a">IT</subfield>
  </datafield>
  <datafield tag="200" ind1="1" ind2=" ">
    <subfield code="a">Del significato de colori e de mazzolli. Operetta di Fuluio Pellegrino Morato mantouano nuouamente ristampata</subfield>
  </datafield>
  <datafield tag="210" ind1=" " ind2=" ">
    <subfield code="a">In Modona</subfield>
    <subfield code="c">\Antonio Gadaldini!</subfield>
    <subfield code="e">In Modona</subfield>
    <subfield code="g">per Antonio Gadaldino</subfield>
    <subfield code="h">1556</subfield>
  </datafield>
  <datafield tag="215" ind1=" " ind2=" ">
    <subfield code="a">\32! c.</subfield>
    <subfield code="d">8ʻ</subfield>
  </datafield>
  <datafield tag="620" ind1=" " ind2=" ">
    <subfield code="a">IT</subfield>
    <subfield code="d">Modena</subfield>
  </datafield>
  <datafield tag="700" ind1=" " ind2="1">
    <subfield code="a">Morato,</subfield>
    <subfield code="b">Fulvio Pellegrino</subfield>
    <subfield code="3">IT\ICCU\CNCA\006651</subfield>
  </datafield>
  <datafield tag="712" ind1="0" ind2="0">
    <subfield code="a">Gadaldini, Antonio</subfield>
    <subfield code="3">IT\ICCU\CNCT\000978</subfield>
    <subfield code="4">650</subfield>
  </datafield>
  <datafield tag="790" ind1=" " ind2="1">
    <subfield code="a">Moretto,</subfield>
    <subfield code="b">Pellegrino</subfield>
    <subfield code="3">IT\ICCU\CNCA\016872</subfield>
    <subfield code="z">Morato, Fulvio Pellegrino</subfield>
  </datafield>
  <datafield tag="791" ind1="0" ind2="0">
    <subfield code="a">Gadaldinus, Antonius</subfield>
    <subfield code="3">IT\ICCU\CNCT\004804</subfield>
    <subfield code="z">Gadaldini, Antonio</subfield>
  </datafield>
  <datafield tag="791" ind1="0" ind2="0">
    <subfield code="a">Gadaldino, Antonio</subfield>
    <subfield code="3">IT\ICCU\CNCT\004805</subfield>
    <subfield code="z">Gadaldini, Antonio</subfield>
  </datafield>
  <datafield tag="801" ind1=" " ind2="3">
    <subfield code="a">IT</subfield>
    <subfield code="b">ICCU</subfield>
    <subfield code="c">20201114</subfield>
  </datafield>
  <datafield tag="899" ind1=" " ind2=" ">
    <subfield code="a">Biblioteca civica. Vercelli</subfield>
    <subfield code="1">VC0073</subfield>
    <subfield code="2">TO0 A2</subfield>
  </datafield>
  <datafield tag="911" ind1=" " ind2=" ">
    <subfield code="a">Sul front.</subfield>
    <subfield code="9">IT\ICCU\CNCM\002250</subfield>
  </datafield>
  <datafield tag="921" ind1=" " ind2=" ">
    <subfield code="a">IT\ICCU\CNCM\002250</subfield>
    <subfield code="b">Putto con due gigli in mano a cavallo di una tartaruga. In cornice.</subfield>
    <subfield code="c">U785</subfield>
    <subfield code="d">Dimensioni: 4,9 x 5,1</subfield>
    <subfield code="f">PUTTO</subfield>
    <subfield code="f">TARTARUGA</subfield>
    <subfield code="g">1556-1600</subfield>
  </datafield>
</record>
</collection>
